<record><leader>00000cas a2200000Ma 4500</leader><controlfield tag="001">10814875</controlfield><controlfield tag="008">840607d18681870meuwr ne      0    0eng d</controlfield><controlfield tag="009">330</controlfield><datafield ind1=" " ind2=" " tag="010"><subfield code="a">sn 84023321 </subfield></datafield><datafield ind1=" " ind2=" " tag="040"><subfield code="a">AQM</subfield><subfield code="b">eng</subfield><subfield code="c">AQM</subfield><subfield code="d">OCLCQ</subfield></datafield><datafield ind1="1" ind2=" " tag="029"><subfield code="a">AU@</subfield><subfield code="b">000020336648</subfield></datafield><datafield ind1="0" ind2=" " tag="130"><subfield code="a">Advertiser (Portland, Me.)</subfield></datafield><datafield ind1="1" ind2="4" tag="245"><subfield code="a">The Advertiser.</subfield></datafield><datafield ind1="1" ind2="3" tag="246"><subfield code="a">Sunday morning issue</subfield></datafield><datafield ind1=" " ind2=" " tag="260"><subfield code="a">Portland, Me. :</subfield><subfield code="b">J.T. McGregor, O.A. Goold,</subfield><subfield code="c">1868-</subfield></datafield><datafield ind1=" " ind2=" " tag="300"><subfield code="a">v. ;</subfield><subfield code="c">65 cm.</subfield></datafield><datafield ind1=" " ind2=" " tag="310"><subfield code="a">Weekly</subfield></datafield><datafield ind1="0" ind2=" " tag="362"><subfield code="a">Vol. 3, no. 5 (Nov. 29, 1868)-</subfield></datafield><datafield ind1="1" ind2=" " tag="362"><subfield code="a">Ceased in 1870.</subfield><subfield code="z">Cf. Amer. newspapers, 1821-1936.</subfield></datafield><datafield ind1=" " ind2=" " tag="500"><subfield code="a">Editors: J.T. McGregor, O.A. Goold.</subfield></datafield><datafield ind1=" " ind2=" " tag="500"><subfield code="a">Publishers: Sunday Advertiser Pub. Co., 1870.</subfield></datafield><datafield ind1=" " ind2=" " tag="500"><subfield code="a">Subtitle: Sunday morning issue, Nov. 29, 1868-Mar. 28, 1869.</subfield></datafield><datafield ind1=" " ind2=" " tag="500"><subfield code="a">Broadside, entitled "Advertiser. Sunday issue revived" (June 26, 1870), announces that publication will resume July 3, 1870.</subfield></datafield><datafield ind1=" " ind2=" " tag="515"><subfield code="a">Suspended between June 5, 1870 and July 3, 1870 issues.</subfield></datafield><datafield ind1=" " ind2="7" tag="655"><subfield code="a">Newspapers.</subfield><subfield code="2">rbgenr</subfield></datafield><datafield ind1="1" ind2=" " tag="700"><subfield code="a">Goold, Oliver A.</subfield></datafield><datafield ind1="1" ind2=" " tag="700"><subfield code="a">McGregor, J. T.</subfield></datafield><datafield ind1="0" ind2=" " tag="730"><subfield code="a">Advertiser. Sunday issue revived.</subfield></datafield><datafield ind1=" " ind2=" " tag="752"><subfield code="a">United States</subfield><subfield code="b">Maine</subfield><subfield code="c">Cumberland</subfield><subfield code="d">Portland.</subfield></datafield><datafield ind1="0" ind2="0" tag="780"><subfield code="t">Sunday advertiser (Portland, Me.)</subfield><subfield code="w">(DLC)sn 84023320</subfield></datafield></record>